@article{Komatitsch2007,
  title={An unsplit convolutional perfectly matched layer improved at grazing incidence for the seismic wave equation},
  author={Komatitsch, Dimitri and Martin, Roland},
  journal={Geophysics},
  volume={72},
  number={5},
  pages={SM155--SM167},
  year={2007},
  publisher={Society of Exploration Geophysicists}
}

@Book{Hudson1985,
  title     = {The Excitation and Propagation of Elastic Waves},
  publisher = {Cambridge University Press},
  year      = {1985},
  author    = {Hudson, J.A.},
  series    = {Cambridge Monographs on Mechanics Series},
  isbn      = {9780521318679},
  owner     = {barn},
  timestamp = {2012.11.19},
  url       = {http://books.google.no/books?id=YNGpPwAACAAJ},
}
@Article{Holberg1987,
  author    = {Holberg, O.},
  title     = {Computational aspects of the choice of operator and sampling interval for numerical differentiation in large-scale simulation of wave phenomena},
  journal   = {Geophysical P},
  year      = {1987},
  volume    = {35},
  pages     = {629--655},
  file      = {holb87.pdf:Holberg1987.pdf:PDF},
  owner     = {barn},
  timestamp = {2010.10.26},
}
@article{Casula1992,
  title={Generalized mechanical model analogies of linear viscoelastic behaviour},
  author={Casula, G and Carcione, JM and others},
  journal={Bollettino di geofisica teorica ed applicata},
  volume={34},
  number={136},
  pages={235--256},
  year={1992},
  publisher={Osservatorio geofisico sperimentale}
}
@article{Zhou2020,
  title={Generalized stiffness reduction method to remove the artificial edge-effects for seismic wave modelling in elastic anisotropic media},
  author={Zhou, Bing and Won, Moosoo and Greenhalgh, Stewart and Liu, Xu},
  journal={Geophysical Journal International},
  volume={220},
  number={2},
  pages={1394--1408},
  year={2020},
  publisher={Oxford University Press}
}
@article{Carcione2013,
  title={REPRESENTATION OF MATCHED-LAYER KERNELS WITH VISCOELASTIC MECHANICAL MODELS.},
  author={Carcione, Jose M and Kosloff, Dan},
  journal={International Journal of Numerical Analysis \& Modeling},
  volume={10},
  number={1},
  year={2013}
}
@article{Ni2022,
  title={A new artificial boundary condition for numerical simulation of elastic waves},
  author={Ni, Yu and Gu, Wentao and Shi, Zhifei},
  journal={Soil Dynamics and Earthquake Engineering},
  volume={152},
  pages={107026},
  year={2022},
  publisher={Elsevier}
}
@article{Pettit2014,
  title={A stiffness reduction method for efficient absorption of waves at boundaries for use in commercial finite element codes},
  author={Pettit, JR and Walker, A and Cawley, P and Lowe, MJS},
  journal={Ultrasonics},
  volume={54},
  number={7},
  pages={1868--1879},
  year={2014},
  publisher={Elsevier}
}
@article{Wilson1997,
  title={Simple, relaxational models for the acoustical properties of porous media},
  author={Wilson, D Keith},
  journal={Applied Acoustics},
  volume={50},
  number={3},
  pages={171--188},
  year={1997},
  publisher={Elsevier}
}
@inproceedings{Ke2012,
  title={On the comparison of absorbing regions methods},
  author={Ke, Weina and Mckeon, Peter and others},
  booktitle={Acoustics 2012},
  year={2012}
}
@article{zhou2020generalized,
  title={Generalized stiffness reduction method to remove the artificial edge-effects for seismic wave modelling in elastic anisotropic media},
  author={Zhou, Bing and Won, Moosoo and Greenhalgh, Stewart and Liu, Xu},
  journal={Geophysical Journal International},
  volume={220},
  number={2},
  pages={1394--1408},
  year={2020},
  publisher={Oxford University Press}
}
@article{pettit2014stiffness,
  title={A stiffness reduction method for efficient absorption of waves at boundaries for use in commercial finite element codes},
  author={Pettit, JR and Walker, A and Cawley, P and Lowe, MJS},
  journal={Ultrasonics},
  volume={54},
  number={7},
  pages={1868--1879},
  year={2014},
  publisher={Elsevier}
}
@article{collino2001application,
  title={Application of the perfectly matched absorbing layer model to the linear elastodynamic problem in anisotropic heterogeneous media},
  author={Collino, Francis and Tsogka, Chrysoula},
  journal={Geophysics},
  volume={66},
  number={1},
  pages={294--307},
  year={2001},
  publisher={Society of Exploration Geophysicists}
}
@article{Berenger1994,
  title={A perfectly matched layer for the absorption of electromagnetic waves},
  author={Berenger, Jean-Pierre},
  journal={Journal of computational physics},
  volume={114},
  number={2},
  pages={185--200},
  year={1994},
  publisher={Elsevier}
}
@article{Williams2001,
  title={An effective density fluid model for acoustic propagation in sediments derived from Biot theory},
  author={Williams, Kevin L},
  journal={The Journal of the Acoustical Society of America},
  volume={110},
  number={5},
  pages={2276--2281},
  year={2001},
  publisher={Acoustical Society of America}
}

